@article{zhang:92,
    title = "Stable neighborhoods",
    author = "Guo-Qiang Zhang",
    journal = "Theoretical Computer Science",
    year = "1992",
    volume = "93",
    pages = "143--157"
}
